<?xml version="1.0" encoding="UTF-8" standalone="no"?>
<?xml-stylesheet type="text/xsl" href="/webservices/catalog/xsl/searchRetrieveResponse.xsl"?>

<searchRetrieveResponse xmlns="http://www.loc.gov/zing/srw/" xmlns:oclcterms="http://purl.org/oclc/terms/" xmlns:dc="http://purl.org/dc/elements/1.1/" xmlns:diag="http://www.loc.gov/zing/srw/diagnostic/" xmlns:xsi="http://www.w3.org/2001/XMLSchema-instance">
<version>1.1</version>
<numberOfRecords>10</numberOfRecords>
<records>
<record>
<recordSchema>info:srw/schema/1/marcxml</recordSchema>
<recordPacking>xml</recordPacking>
<recordData>
<record xmlns="http://www.loc.gov/MARC21/slim">
    <leader>00000cgm a2200000Ia 4500</leader>
    <controlfield tag="001">61157145</controlfield>
    <controlfield tag="007">vd cvaizq</controlfield>
    <controlfield tag="008">050727s2005    cau972 g          vleng d</controlfield>
    <datafield ind1=" " ind2=" " tag="040">
      <subfield code="a">TEFMT</subfield>
      <subfield code="b">eng</subfield>
      <subfield code="c">TEFMT</subfield>
      <subfield code="d">RCS</subfield>
      <subfield code="d">DRB</subfield>
      <subfield code="d">LEO</subfield>
      <subfield code="d">VP@</subfield>
      <subfield code="d">BTCTA</subfield>
      <subfield code="d">OCLCA</subfield>
      <subfield code="d">EGM</subfield>
      <subfield code="d">JED</subfield>
      <subfield code="d">KNV</subfield>
      <subfield code="d">OCLCA</subfield>
      <subfield code="d">CN5O8</subfield>
      <subfield code="d">RCS</subfield>
      <subfield code="d">OCLCA</subfield>
      <subfield code="d">CN5O4</subfield>
      <subfield code="d">OCLCQ</subfield>
      <subfield code="d">BGTON</subfield>
      <subfield code="d">OCLCQ</subfield>
    </datafield>
    <datafield ind1=" " ind2=" " tag="019">
      <subfield code="a">650514276</subfield>
    </datafield>
    <datafield ind1=" " ind2=" " tag="020">
      <subfield code="a">1417070323</subfield>
    </datafield>
    <datafield ind1=" " ind2=" " tag="020">
      <subfield code="a">9781417070329</subfield>
    </datafield>
    <datafield ind1="1" ind2=" " tag="024">
      <subfield code="a">025192849121</subfield>
    </datafield>
    <datafield ind1="4" ind2="2" tag="028">
      <subfield code="a">28491</subfield>
      <subfield code="b">Universal</subfield>
    </datafield>
    <datafield ind1="2" ind2="1" tag="033">
      <subfield code="a">2004----</subfield>
      <subfield code="a">2005----</subfield>
    </datafield>
    <datafield ind1="1" ind2=" " tag="041">
      <subfield code="a">eng</subfield>
      <subfield code="j">spa</subfield>
      <subfield code="h">eng</subfield>
    </datafield>
    <datafield ind1=" " ind2=" " tag="043">
      <subfield code="a">n-us---</subfield>
    </datafield>
    <datafield ind1=" " ind2="4" tag="050">
      <subfield code="a">PN1992.77</subfield>
      <subfield code="b">.H687 2005</subfield>
    </datafield>
    <datafield ind1="0" ind2="4" tag="082">
      <subfield code="a">791.45/75</subfield>
      <subfield code="2">22</subfield>
    </datafield>
    <datafield ind1="0" ind2=" " tag="130">
      <subfield code="a">House, M.D. (Television program).</subfield>
      <subfield code="n">Season 1.</subfield>
    </datafield>
    <datafield ind1="1" ind2="0" tag="245">
      <subfield code="a">House M.D.</subfield>
      <subfield code="n">Season one</subfield>
      <subfield code="h">[videorecording] /</subfield>
      <subfield code="c">created by David Shore.</subfield>
    </datafield>
    <datafield ind1="3" ind2="0" tag="246">
      <subfield code="a">House, M.D.</subfield>
      <subfield code="n">Season 1</subfield>
    </datafield>
    <datafield ind1="3" ind2=" " tag="246">
      <subfield code="a">House M.D.</subfield>
      <subfield code="n">Complete first season</subfield>
    </datafield>
    <datafield ind1=" " ind2=" " tag="260">
      <subfield code="a">Universal City, CA :</subfield>
      <subfield code="b">Universal,</subfield>
      <subfield code="c">[2005]</subfield>
    </datafield>
    <datafield ind1=" " ind2=" " tag="300">
      <subfield code="a">3 videodiscs (972 min.) :</subfield>
      <subfield code="b">sd., col. ;</subfield>
      <subfield code="c">4 3/4 in.</subfield>
    </datafield>
    <datafield ind1="0" ind2=" " tag="490">
      <subfield code="a">House M.D. TV series ;</subfield>
      <subfield code="v">Season 1</subfield>
    </datafield>
    <datafield ind1=" " ind2=" " tag="538">
      <subfield code="a">DVD, region 1, widescreen (1.78:1) presentation; Dolby Digital 5.1; double sided.</subfield>
    </datafield>
    <datafield ind1=" " ind2=" " tag="546">
      <subfield code="a">English dialogue with optional Spanish subtitles; English subtitles for the deaf and hard of hearing.</subfield>
    </datafield>
    <datafield ind1=" " ind2=" " tag="500">
      <subfield code="a">Title from container.</subfield>
    </datafield>
    <datafield ind1="1" ind2=" " tag="511">
      <subfield code="a">Hugh Laurie, Lisa Edelstein, Robert Sean Leonard, Jennifer Morrison, Omar Epps, Jesse Spencer.</subfield>
    </datafield>
    <datafield ind1=" " ind2=" " tag="518">
      <subfield code="a">Originally broadcast during the 2004-2005 season.</subfield>
    </datafield>
    <datafield ind1="8" ind2=" " tag="521">
      <subfield code="a">Not rated.</subfield>
    </datafield>
    <datafield ind1=" " ind2=" " tag="520">
      <subfield code="a">Hugh Laurie stars as the brilliant but sarcastic Dr. Gregory House, a maverick physician who is devoid of bedside manner. Dr. House thrives on the challenge of solving medical puzzles that other doctors give up on.</subfield>
    </datafield>
    <datafield ind1="0" ind2=" " tag="505">
      <subfield code="a">Disc 1: Pilot ; Paternity ; Occam's razor ; Maternity ; Damned if you do ; The socratic method ; Fidelity ; Poison -- Disc 2: DNR ; Histories ; Detox ; Sports medicine ; Cursed ; Control ; Mob rules ; Heavy -- Disc 3: Role model ; Babies &amp; bathwater ; Kids ; Love hurts ; Three stories ; Honeymoon.</subfield>
    </datafield>
    <datafield ind1=" " ind2=" " tag="500">
      <subfield code="a">Special features: Dr. House; medical cases; the concept; set tour; House-isms; casting session with Hugh Laurie.</subfield>
    </datafield>
    <datafield ind1=" " ind2=" " tag="508">
      <subfield code="a">Credits: Music, Jason Derlatka, Jon Ehrlich ; production designers, Mark Hutman, Derek R. Hill ; costume designer, Cathy Crandall.</subfield>
    </datafield>
    <datafield ind1=" " ind2="0" tag="650">
      <subfield code="a">Physicians</subfield>
      <subfield code="z">United States</subfield>
      <subfield code="v">Drama.</subfield>
    </datafield>
    <datafield ind1=" " ind2="0" tag="650">
      <subfield code="a">Health care teams</subfield>
      <subfield code="v">Drama.</subfield>
    </datafield>
    <datafield ind1=" " ind2="0" tag="650">
      <subfield code="a">Medical ethics</subfield>
      <subfield code="v">Drama.</subfield>
    </datafield>
    <datafield ind1=" " ind2="0" tag="650">
      <subfield code="a">Medical television programs.</subfield>
    </datafield>
    <datafield ind1=" " ind2="0" tag="650">
      <subfield code="a">Films for the hearing impaired.</subfield>
    </datafield>
    <datafield ind1=" " ind2="4" tag="655">
      <subfield code="a">Medical television programs (Drama)</subfield>
    </datafield>
    <datafield ind1=" " ind2="0" tag="655">
      <subfield code="a">DVD-Video discs.</subfield>
    </datafield>
    <datafield ind1="1" ind2=" " tag="700">
      <subfield code="a">Laurie, Hugh,</subfield>
      <subfield code="d">1959-</subfield>
    </datafield>
    <datafield ind1="1" ind2=" " tag="700">
      <subfield code="a">Edelstein, Lisa,</subfield>
      <subfield code="d">1967-</subfield>
    </datafield>
    <datafield ind1="1" ind2=" " tag="700">
      <subfield code="a">Leonard, Robert Sean,</subfield>
      <subfield code="d">1969-</subfield>
    </datafield>
    <datafield ind1="1" ind2=" " tag="700">
      <subfield code="a">Shore, David.</subfield>
    </datafield>
    <datafield ind1="2" ind2=" " tag="710">
      <subfield code="a">Universal Pictures (Firm)</subfield>
    </datafield>
    <datafield ind1=" " ind2=" " tag="938">
      <subfield code="a">Baker and Taylor</subfield>
      <subfield code="b">BTCP</subfield>
      <subfield code="n">be2006005724</subfield>
    </datafield>
    <datafield ind1="1" ind2=" " tag="029">
      <subfield code="a">NZ1</subfield>
      <subfield code="b">11026033</subfield>
    </datafield>
    <datafield ind1="1" ind2=" " tag="029">
      <subfield code="a">AU@</subfield>
      <subfield code="b">000040445817</subfield>
    </datafield>
  </record>
</recordData>
</record>