
<record>
<recordSchema>info:srw/schema/1/marcxml</recordSchema>
<recordPacking>xml</recordPacking>
<recordData>
<record xmlns="http://www.loc.gov/MARC21/slim">
    <leader>00000cgm a2200000 a 4500</leader>
    <controlfield tag="001">76951077</controlfield>
    <controlfield tag="007">vd cvaizs</controlfield>
    <controlfield tag="008">070119s2006    mau060            vleng  </controlfield>
    <datafield ind1=" " ind2=" " tag="040">
      <subfield code="a">NLM</subfield>
      <subfield code="c">NLM</subfield>
      <subfield code="d">LAS</subfield>
      <subfield code="d">JBG</subfield>
      <subfield code="d">OCLCQ</subfield>
      <subfield code="d">TEFMT</subfield>
      <subfield code="d">TEF</subfield>
      <subfield code="d">KSU</subfield>
      <subfield code="d">YDXCP</subfield>
      <subfield code="d">OCLCQ</subfield>
      <subfield code="d">STF</subfield>
      <subfield code="d">MST</subfield>
      <subfield code="d">TXI</subfield>
      <subfield code="d">WKM</subfield>
    </datafield>
    <datafield ind1="7" ind2=" " tag="016">
      <subfield code="a">101297725</subfield>
      <subfield code="2">DNLM</subfield>
    </datafield>
    <datafield ind1=" " ind2=" " tag="019">
      <subfield code="a">80020063</subfield>
      <subfield code="a">191039933</subfield>
    </datafield>
    <datafield ind1=" " ind2=" " tag="020">
      <subfield code="a">079369308X</subfield>
    </datafield>
    <datafield ind1=" " ind2=" " tag="020">
      <subfield code="a">9780793693085</subfield>
    </datafield>
    <datafield ind1="1" ind2=" " tag="024">
      <subfield code="a">841887008099</subfield>
    </datafield>
    <datafield ind1="4" ind2="2" tag="028">
      <subfield code="a">FRL62415</subfield>
      <subfield code="b">PBS Home Video</subfield>
    </datafield>
    <datafield ind1=" " ind2=" " tag="037">
      <subfield code="b">Midwest Tape</subfield>
      <subfield code="n">http://www.midwesttapes.com</subfield>
    </datafield>
    <datafield ind1=" " ind2=" " tag="042">
      <subfield code="a">nlmcopyc</subfield>
    </datafield>
    <datafield ind1=" " ind2=" " tag="043">
      <subfield code="a">n-us---</subfield>
    </datafield>
    <datafield ind1=" " ind2="4" tag="050">
      <subfield code="a">HV1461</subfield>
      <subfield code="b">.L59 2006dvd</subfield>
    </datafield>
    <datafield ind1="0" ind2="0" tag="060">
      <subfield code="a">WT 31</subfield>
      <subfield code="b">DVD no.1 2006</subfield>
    </datafield>
    <datafield ind1="0" ind2="4" tag="082">
      <subfield code="a">305.260973</subfield>
      <subfield code="2">22</subfield>
    </datafield>
    <datafield ind1="0" ind2="0" tag="245">
      <subfield code="a">Living old</subfield>
      <subfield code="h">[videorecording] /</subfield>
      <subfield code="c">PBS ; written, produced &amp; directed by Miri Navasky &amp; Karen O'Connor ; a Frontline coproduction with Mead Street Films ; WGBH Educational Foundation.</subfield>
    </datafield>
    <datafield ind1="1" ind2=" " tag="246">
      <subfield code="i">Title on disc label and container:</subfield>
      <subfield code="a">Living old :</subfield>
      <subfield code="b">the modern realities of aging in America</subfield>
    </datafield>
    <datafield ind1=" " ind2=" " tag="260">
      <subfield code="a">Boston, MA :</subfield>
      <subfield code="b">WGBH Educational Foundation ;</subfield>
      <subfield code="a">Alexandria, VA :</subfield>
      <subfield code="b">Distributed by PBS Home Video,</subfield>
      <subfield code="c">c2006.</subfield>
    </datafield>
    <datafield ind1=" " ind2=" " tag="300">
      <subfield code="a">1 videodisc (ca. 60 min.) :</subfield>
      <subfield code="b">sd., col. ;</subfield>
      <subfield code="c">4 3/4 in.</subfield>
    </datafield>
    <datafield ind1=" " ind2=" " tag="538">
      <subfield code="a">DVD; Region 1, NTSC; stereo; widescreen presentation, enhanced for 16X9 televisions.</subfield>
    </datafield>
    <datafield ind1=" " ind2=" " tag="546">
      <subfield code="a">In English; closed-captioned.</subfield>
    </datafield>
    <datafield ind1="0" ind2=" " tag="511">
      <subfield code="a">Narrated by Will Lyman; commentators, Leon Kass, David Muller, Audrey Chun, Jeffrey Farber, Lillian Gleason, William Coch, Laure Ange Gaeckle, Clara Singer, Mary Ann DiBerardino, Lois Elliott, Lucia Paunescu, Estelle Strongin.</subfield>
    </datafield>
    <datafield ind1=" " ind2=" " tag="508">
      <subfield code="a">Editor, Daisy Wright ; director of photography, Ben McCoy ; original music, Justin Samaha.</subfield>
    </datafield>
    <datafield ind1=" " ind2=" " tag="518">
      <subfield code="a">Originally broadcast by PBS as an episode of the television series FRONTLINE on  November 21, 2006.</subfield>
    </datafield>
    <datafield ind1=" " ind2=" " tag="520">
      <subfield code="a">For the first time in American history, "the old old"--those over 85--are now the fastest growing segment of the U.S. population.  Medical advances have enabled an unprecedented number of Americans to live longer, healthier lives.  But for millions of elderly, living longer can also mean a debilitating physical decline that often requires an immense amount of care, yet there are already fewer caregivers available to provide it.  The new realities of aging in America include coping with multiple chronic illnesses, increasing frailty, prolonged periods of dementia, and sometimes decades of unhealthy longevity.  As the nation ages, many believe that our health care system, with its focus on treatment and cure, is woefully ill-equipped to handle the new realities of long-term care.</subfield>
    </datafield>
    <datafield ind1="8" ind2=" " tag="521">
      <subfield code="a">MPAA Rating: Not rated.</subfield>
    </datafield>
    <datafield ind1="0" ind2=" " tag="505">
      <subfield code="a">Introduction -- Our aging society -- Looming crisis in care? -- Parents and children -- Home, family, and a "good death" -- Deciding when enough is enough -- End of life decisions -- Credits.</subfield>
    </datafield>
    <datafield ind1=" " ind2=" " tag="500">
      <subfield code="a">Bonus features: PBS.org [text feature].</subfield>
    </datafield>
    <datafield ind1="1" ind2="2" tag="650">
      <subfield code="a">Health Services for the Aged</subfield>
      <subfield code="z">United States.</subfield>
    </datafield>
    <datafield ind1="2" ind2="2" tag="650">
      <subfield code="a">Aged, 80 and over</subfield>
      <subfield code="z">United States.</subfield>
    </datafield>
    <datafield ind1="2" ind2="2" tag="650">
      <subfield code="a">Health Services Accessibility</subfield>
      <subfield code="z">United States.</subfield>
    </datafield>
    <datafield ind1="2" ind2="2" tag="650">
      <subfield code="a">Longevity</subfield>
      <subfield code="z">United States.</subfield>
    </datafield>
    <datafield ind1="2" ind2="2" tag="650">
      <subfield code="a">Quality of Health Care</subfield>
      <subfield code="z">United States.</subfield>
    </datafield>
    <datafield ind1=" " ind2="0" tag="650">
      <subfield code="a">Older people</subfield>
      <subfield code="z">United States.</subfield>
    </datafield>
    <datafield ind1=" " ind2="0" tag="650">
      <subfield code="a">Older people</subfield>
      <subfield code="x">Care</subfield>
      <subfield code="z">United States.</subfield>
    </datafield>
    <datafield ind1=" " ind2="0" tag="650">
      <subfield code="a">Older people</subfield>
      <subfield code="x">Medical care</subfield>
      <subfield code="z">United States.</subfield>
    </datafield>
    <datafield ind1=" " ind2="0" tag="650">
      <subfield code="a">Aging</subfield>
      <subfield code="x">Social aspects</subfield>
      <subfield code="z">United States.</subfield>
    </datafield>
    <datafield ind1=" " ind2="0" tag="650">
      <subfield code="a">Geriatrics.</subfield>
    </datafield>
    <datafield ind1=" " ind2="0" tag="650">
      <subfield code="a">Social change</subfield>
      <subfield code="z">United States</subfield>
      <subfield code="y">21st century.</subfield>
    </datafield>
    <datafield ind1=" " ind2="0" tag="651">
      <subfield code="a">United States</subfield>
      <subfield code="x">History</subfield>
      <subfield code="y">21st century.</subfield>
    </datafield>
    <datafield ind1=" " ind2="0" tag="655">
      <subfield code="a">Nonfiction television programs.</subfield>
    </datafield>
    <datafield ind1=" " ind2="0" tag="655">
      <subfield code="a">Documentary television programs.</subfield>
    </datafield>
    <datafield ind1=" " ind2="0" tag="655">
      <subfield code="a">Video recordings for the hearing impaired.</subfield>
    </datafield>
    <datafield ind1=" " ind2="8" tag="650">
      <subfield code="a">Elderly</subfield>
      <subfield code="z">United States.</subfield>
    </datafield>
    <datafield ind1=" " ind2="8" tag="650">
      <subfield code="a">Longevity</subfield>
      <subfield code="z">United States.</subfield>
    </datafield>
    <datafield ind1=" " ind2="8" tag="650">
      <subfield code="a">Elderly</subfield>
      <subfield code="x">Medical care</subfield>
      <subfield code="z">United States.</subfield>
    </datafield>
    <datafield ind1=" " ind2="8" tag="650">
      <subfield code="a">Nursing home patients</subfield>
      <subfield code="z">United States.</subfield>
    </datafield>
    <datafield ind1=" " ind2="8" tag="650">
      <subfield code="a">Chronically ill</subfield>
      <subfield code="z">United States.</subfield>
    </datafield>
    <datafield ind1=" " ind2="7" tag="655">
      <subfield code="a">Documentary</subfield>
      <subfield code="v">Television series.</subfield>
      <subfield code="2">migfg</subfield>
    </datafield>
    <datafield ind1="1" ind2=" " tag="700">
      <subfield code="a">Navasky, Miri.</subfield>
      <subfield code="4">aus</subfield>
      <subfield code="4">drt</subfield>
      <subfield code="4">pro</subfield>
    </datafield>
    <datafield ind1="1" ind2=" " tag="700">
      <subfield code="a">O'Connor, Karen.</subfield>
      <subfield code="4">aus</subfield>
      <subfield code="4">drt</subfield>
      <subfield code="4">pro</subfield>
    </datafield>
    <datafield ind1="2" ind2=" " tag="710">
      <subfield code="a">Public Broadcasting Service (U.S.)</subfield>
    </datafield>
    <datafield ind1="2" ind2=" " tag="710">
      <subfield code="a">Mead Street Films (Firm)</subfield>
    </datafield>
    <datafield ind1="2" ind2=" " tag="710">
      <subfield code="a">WGBH Educational Foundation.</subfield>
    </datafield>
    <datafield ind1="2" ind2=" " tag="710">
      <subfield code="a">WGBH (Television station : Boston, Mass.)</subfield>
    </datafield>
    <datafield ind1="0" ind2=" " tag="730">
      <subfield code="a">Frontline (Television program)</subfield>
    </datafield>
    <datafield ind1="4" ind2="2" tag="856">
      <subfield code="z">View the program web site</subfield>
      <subfield code="u">http://www.pbs.org/wgbh/pages/frontline/livingold/</subfield>
    </datafield>
    <datafield ind1=" " ind2=" " tag="938">
      <subfield code="a">YBP Library Services</subfield>
      <subfield code="b">YANK</subfield>
      <subfield code="n">2550409</subfield>
    </datafield>
    <datafield ind1="0" ind2=" " tag="029">
      <subfield code="a">NLM</subfield>
      <subfield code="b">101297725</subfield>
    </datafield>
  </record>
</recordData>
</record>