
<record>
<recordSchema>info:srw/schema/1/marcxml</recordSchema>
<recordPacking>xml</recordPacking>
<recordData>
<record xmlns="http://www.loc.gov/MARC21/slim">
    <leader>00000cgm a2200000Ia 4500</leader>
    <controlfield tag="001">66144533</controlfield>
    <controlfield tag="007">vd cvaizq</controlfield>
    <controlfield tag="008">060410s2006    vau060 g          vleng d</controlfield>
    <datafield ind1=" " ind2=" " tag="040">
      <subfield code="a">TEFMT</subfield>
      <subfield code="c">TEFMT</subfield>
      <subfield code="d">RCS</subfield>
      <subfield code="d">GK8</subfield>
      <subfield code="d">NOH</subfield>
      <subfield code="d">LEO</subfield>
      <subfield code="d">RCS</subfield>
      <subfield code="d">NLM</subfield>
      <subfield code="d">RCS</subfield>
      <subfield code="d">NOR</subfield>
    </datafield>
    <datafield ind1="7" ind2=" " tag="016">
      <subfield code="a">101275810</subfield>
      <subfield code="2">DNLM</subfield>
    </datafield>
    <datafield ind1=" " ind2=" " tag="019">
      <subfield code="a">227322472</subfield>
    </datafield>
    <datafield ind1=" " ind2=" " tag="020">
      <subfield code="a">0793692202</subfield>
    </datafield>
    <datafield ind1=" " ind2=" " tag="020">
      <subfield code="a">9780793692200</subfield>
    </datafield>
    <datafield ind1="1" ind2="0" tag="024">
      <subfield code="a">841887007214</subfield>
    </datafield>
    <datafield ind1="4" ind2="2" tag="028">
      <subfield code="a">AMEX6181</subfield>
      <subfield code="b">PBS Home Video</subfield>
    </datafield>
    <datafield ind1="1" ind2=" " tag="029">
      <subfield code="a">NLM</subfield>
      <subfield code="b">101275810</subfield>
    </datafield>
    <datafield ind1="1" ind2=" " tag="029">
      <subfield code="a">AU@</subfield>
      <subfield code="b">000041706229</subfield>
    </datafield>
    <datafield ind1="0" ind2="1" tag="033">
      <subfield code="a">2005----</subfield>
    </datafield>
    <datafield ind1="1" ind2="4" tag="050">
      <subfield code="a">RB155.6</subfield>
      <subfield code="b">.B69 2006</subfield>
    </datafield>
    <datafield ind1="0" ind2="0" tag="060">
      <subfield code="a">2006 AV-0434</subfield>
    </datafield>
    <datafield ind1="1" ind2="0" tag="060">
      <subfield code="a">WD 308</subfield>
    </datafield>
    <datafield ind1="0" ind2="4" tag="082">
      <subfield code="a">616/.979</subfield>
      <subfield code="2">22</subfield>
    </datafield>
    <datafield ind1="0" ind2="4" tag="245">
      <subfield code="a">The boy in the bubble</subfield>
      <subfield code="h">[videorecording] /</subfield>
      <subfield code="c">an Ark Media film for American Experience in association with Channel 4 ; written by Barak Goodman ; produced and directed by Barak Goodman and John Maggio.</subfield>
    </datafield>
    <datafield ind1=" " ind2=" " tag="260">
      <subfield code="a">Alexandria, VA :</subfield>
      <subfield code="b">PBS Home Video,</subfield>
      <subfield code="c">[2006], c2005.</subfield>
    </datafield>
    <datafield ind1=" " ind2=" " tag="300">
      <subfield code="a">1 videodisc (ca. 60 min.) :</subfield>
      <subfield code="b">sd., col. ;</subfield>
      <subfield code="c">4 3/4 in.</subfield>
    </datafield>
    <datafield ind1=" " ind2=" " tag="538">
      <subfield code="a">DVD, region 1; Dolby Digital.</subfield>
    </datafield>
    <datafield ind1=" " ind2=" " tag="500">
      <subfield code="a">Title from container.</subfield>
    </datafield>
    <datafield ind1="0" ind2=" " tag="511">
      <subfield code="a">Voices: Lee Wilkof, Joanna Merlin, Kyra Sedgwick.</subfield>
    </datafield>
    <datafield ind1=" " ind2=" " tag="508">
      <subfield code="a">Cinematography, Stephen McCarthy ; narrator, Campbell Scott ; art direction, Caitlin McNally ; editor, George O'Donnell ; music composer, Gary Lionelli ; visual effects, Yorgo Alexopoulos.</subfield>
    </datafield>
    <datafield ind1=" " ind2=" " tag="500">
      <subfield code="a">Originally broadcast on American experience in 2005.</subfield>
    </datafield>
    <datafield ind1="8" ind2=" " tag="521">
      <subfield code="a">Not rated.</subfield>
    </datafield>
    <datafield ind1=" " ind2=" " tag="520">
      <subfield code="a">When David Vetter died at the age of 12, he was already world famous: the boy in the plastic bubble. Here, serious questions are answered. Did doctors, in a rush to save a child, condemn the boy to a life not worth living and instead kill him?</subfield>
    </datafield>
    <datafield ind1="0" ind2="0" tag="505">
      <subfield code="t">Taking a chance --</subfield>
      <subfield code="g">A</subfield>
      <subfield code="t">germ-free birth --</subfield>
      <subfield code="t">Fighting SCID --</subfield>
      <subfield code="t">Learning from David --</subfield>
      <subfield code="t">Living in isolation --</subfield>
      <subfield code="t">David's mobile suit --</subfield>
      <subfield code="t">Emotional troubles --</subfield>
      <subfield code="t">David's legacy --</subfield>
      <subfield code="t">Credits.</subfield>
    </datafield>
    <datafield ind1=" " ind2=" " tag="546">
      <subfield code="a">Closed-captioned for the hearing impaired.</subfield>
    </datafield>
    <datafield ind1="1" ind2="0" tag="600">
      <subfield code="a">Vetter, David,</subfield>
      <subfield code="d">1971-1984.</subfield>
    </datafield>
    <datafield ind1=" " ind2="0" tag="650">
      <subfield code="a">Severe combined immunodeficiency</subfield>
      <subfield code="x">Patients.</subfield>
    </datafield>
    <datafield ind1=" " ind2="0" tag="650">
      <subfield code="a">Germfree life.</subfield>
    </datafield>
    <datafield ind1="1" ind2="8" tag="600">
      <subfield code="a">Vetter, David,</subfield>
      <subfield code="d">1971-1984.</subfield>
    </datafield>
    <datafield ind1=" " ind2="8" tag="650">
      <subfield code="a">Severe combined immunodeficiency</subfield>
      <subfield code="x">Patients.</subfield>
    </datafield>
    <datafield ind1=" " ind2="8" tag="650">
      <subfield code="a">Germfree life.</subfield>
    </datafield>
    <datafield ind1=" " ind2="0" tag="655">
      <subfield code="a">Documentary films.</subfield>
    </datafield>
    <datafield ind1=" " ind2="7" tag="655">
      <subfield code="a">Documentary</subfield>
      <subfield code="v">Feature.</subfield>
      <subfield code="2">migfg</subfield>
    </datafield>
    <datafield ind1=" " ind2="7" tag="655">
      <subfield code="a">Medical (Nonfiction)</subfield>
      <subfield code="v">Feature.</subfield>
      <subfield code="2">migfg</subfield>
    </datafield>
    <datafield ind1=" " ind2="7" tag="655">
      <subfield code="a">Youth</subfield>
      <subfield code="v">Feature.</subfield>
      <subfield code="2">migfg</subfield>
    </datafield>
    <datafield ind1="1" ind2="2" tag="600">
      <subfield code="a">Vetter, David,</subfield>
      <subfield code="d">1971-1984.</subfield>
    </datafield>
    <datafield ind1="1" ind2="2" tag="650">
      <subfield code="a">Severe Combined Immunodeficiency.</subfield>
    </datafield>
    <datafield ind1="2" ind2="2" tag="650">
      <subfield code="a">Ethics, Medical.</subfield>
    </datafield>
    <datafield ind1="2" ind2="2" tag="650">
      <subfield code="a">Germ-Free Life.</subfield>
    </datafield>
    <datafield ind1="2" ind2="2" tag="650">
      <subfield code="a">Patient Isolators.</subfield>
    </datafield>
    <datafield ind1="1" ind2=" " tag="700">
      <subfield code="a">Wilkof, Lee.</subfield>
    </datafield>
    <datafield ind1="1" ind2=" " tag="700">
      <subfield code="a">Merlin, Joanna.</subfield>
    </datafield>
    <datafield ind1="1" ind2=" " tag="700">
      <subfield code="a">Sedgwick, Kyra.</subfield>
    </datafield>
    <datafield ind1="1" ind2=" " tag="700">
      <subfield code="a">Scott, Campbell.</subfield>
    </datafield>
    <datafield ind1="1" ind2=" " tag="700">
      <subfield code="a">Maggio, John.</subfield>
      <subfield code="4">prd</subfield>
      <subfield code="4">drt</subfield>
    </datafield>
    <datafield ind1="1" ind2=" " tag="700">
      <subfield code="a">Goodman, Barak.</subfield>
      <subfield code="4">aus</subfield>
      <subfield code="4">prd</subfield>
      <subfield code="4">drt</subfield>
    </datafield>
    <datafield ind1="2" ind2=" " tag="710">
      <subfield code="a">PBS Home Video.</subfield>
    </datafield>
    <datafield ind1="2" ind2=" " tag="710">
      <subfield code="a">Ark Media (Firm)</subfield>
    </datafield>
    <datafield ind1="2" ind2=" " tag="710">
      <subfield code="a">Channel Four (Great Britain)</subfield>
    </datafield>
    <datafield ind1="0" ind2=" " tag="730">
      <subfield code="a">American experience (Television program)</subfield>
    </datafield>
  </record>
</recordData>
</record>