
<record>
<recordSchema>info:srw/schema/1/marcxml</recordSchema>
<recordPacking>xml</recordPacking>
<recordData>
<record xmlns="http://www.loc.gov/MARC21/slim">
    <leader>00000cgm a2200000Ia 4500</leader>
    <controlfield tag="001">297119969</controlfield>
    <controlfield tag="007">vd cvaizu</controlfield>
    <controlfield tag="008">090105s2007    cau950 g          vleng d</controlfield>
    <datafield ind1=" " ind2=" " tag="040">
      <subfield code="a">TXJ</subfield>
      <subfield code="c">TXJ</subfield>
      <subfield code="d">RCS</subfield>
      <subfield code="d">OCLCA</subfield>
      <subfield code="d">WAU</subfield>
      <subfield code="d">PAU</subfield>
    </datafield>
    <datafield ind1="1" ind2=" " tag="024">
      <subfield code="a">025192849121</subfield>
    </datafield>
    <datafield ind1="1" ind2=" " tag="024">
      <subfield code="a">025192013263</subfield>
    </datafield>
    <datafield ind1="4" ind2="0" tag="028">
      <subfield code="a">61105991</subfield>
      <subfield code="b">Universal</subfield>
    </datafield>
    <datafield ind1=" " ind2="4" tag="050">
      <subfield code="a">PN1992.77</subfield>
      <subfield code="b">.H68 Season1</subfield>
    </datafield>
    <datafield ind1="0" ind2="4" tag="082">
      <subfield code="a">610.69</subfield>
      <subfield code="2">22</subfield>
    </datafield>
    <datafield ind1="0" ind2="0" tag="245">
      <subfield code="a">House M.D.</subfield>
      <subfield code="n">Season one</subfield>
      <subfield code="h">[videorecording] /</subfield>
      <subfield code="c">Universal Studios ; produced by Gerrit van der Meer ... [et al.] ; written by David Shore ... [et al.] ; directed by Bryan Singer ... [et al.] ;  Heel &amp; Toe ; Shore Z Prods. ; Bad Hat Harry Productions ; NBC Universal Television Studio.</subfield>
    </datafield>
    <datafield ind1="3" ind2="0" tag="246">
      <subfield code="a">House</subfield>
      <subfield code="h">[videorecording]</subfield>
    </datafield>
    <datafield ind1="3" ind2=" " tag="246">
      <subfield code="a">House M.D.</subfield>
      <subfield code="n">Complete first season</subfield>
      <subfield code="h">[videorecording]</subfield>
    </datafield>
    <datafield ind1=" " ind2=" " tag="250">
      <subfield code="a">Widescreen presentation.</subfield>
    </datafield>
    <datafield ind1=" " ind2=" " tag="260">
      <subfield code="a">Universal City, CA :</subfield>
      <subfield code="b">Universal,</subfield>
      <subfield code="c">c2007.</subfield>
    </datafield>
    <datafield ind1=" " ind2=" " tag="300">
      <subfield code="a">6 videodiscs (950 min.) :</subfield>
      <subfield code="b">sd., col. ;</subfield>
      <subfield code="c">4 3/4 in.</subfield>
    </datafield>
    <datafield ind1=" " ind2=" " tag="538">
      <subfield code="a">DVD,  Dolby digital 5.1; Region 1, NTSC.</subfield>
    </datafield>
    <datafield ind1=" " ind2=" " tag="546">
      <subfield code="a">English audio with optional Spanish subtitles.</subfield>
    </datafield>
    <datafield ind1=" " ind2=" " tag="546">
      <subfield code="a">English subtitles for the deaf and hard of hearing.</subfield>
    </datafield>
    <datafield ind1="1" ind2=" " tag="511">
      <subfield code="a">Hugh Laurie, Lisa Edelstein, Robert Sean Leonard, Jennifer Morrison, Omar Epps, Jesse Spencer.</subfield>
    </datafield>
    <datafield ind1=" " ind2=" " tag="500">
      <subfield code="a">Originally broadcast during the 2004-2005 season.</subfield>
    </datafield>
    <datafield ind1=" " ind2=" " tag="500">
      <subfield code="a">Aspect raio 1.78:1.</subfield>
    </datafield>
    <datafield ind1=" " ind2=" " tag="500">
      <subfield code="a">Special features: Dr. House; medical cases; the concept; set tour; House-isms; casting session with Hugh Laurie.</subfield>
    </datafield>
    <datafield ind1="0" ind2=" " tag="505">
      <subfield code="a">Disc 1: Pilot -- Paternity -- Occam's razor -- Maternity -- Disc 2: Damned if you do -- The socratic method -- Fidelity -- Poison. Disc 3: DNR -- Histories -- Detox -- Sports medicine. Disc 4: Cursed -- Control -- Mob rules -- Heavy. Disc 5: Role model -- Babies and bathwater -- Kids -- Love hurts. Disc 6: Three stories -- Honeymoon -- Special features.</subfield>
    </datafield>
    <datafield ind1=" " ind2=" " tag="520">
      <subfield code="a">Hugh Laurie stars as the brilliant but sarcastic Dr. Gregory House, a maverick physician who is devoid of bedside manner. Dr. House thrives on the challenge of solving medical puzzles that other doctors give up on.</subfield>
    </datafield>
    <datafield ind1=" " ind2="0" tag="650">
      <subfield code="a">Physicians</subfield>
      <subfield code="z">United States</subfield>
      <subfield code="v">Drama.</subfield>
    </datafield>
    <datafield ind1=" " ind2="0" tag="650">
      <subfield code="a">Health care teams</subfield>
      <subfield code="v">Drama.</subfield>
    </datafield>
    <datafield ind1=" " ind2="0" tag="650">
      <subfield code="a">Medical ethics</subfield>
      <subfield code="v">Drama.</subfield>
    </datafield>
    <datafield ind1=" " ind2="0" tag="650">
      <subfield code="a">Television programs.</subfield>
    </datafield>
    <datafield ind1=" " ind2="0" tag="650">
      <subfield code="a">Medical television programs.</subfield>
    </datafield>
    <datafield ind1=" " ind2="0" tag="655">
      <subfield code="a">Video recordings for the hearing impaired.</subfield>
    </datafield>
    <datafield ind1="1" ind2=" " tag="700">
      <subfield code="a">Laurie, Hugh,</subfield>
      <subfield code="d">1959-</subfield>
    </datafield>
    <datafield ind1="1" ind2=" " tag="700">
      <subfield code="a">Leonard, Robert Sean,</subfield>
      <subfield code="d">1969-</subfield>
    </datafield>
    <datafield ind1="1" ind2=" " tag="700">
      <subfield code="a">Edelstein, Lisa,</subfield>
      <subfield code="d">1967-</subfield>
    </datafield>
    <datafield ind1="1" ind2=" " tag="700">
      <subfield code="a">Epps, Omar.</subfield>
    </datafield>
    <datafield ind1="1" ind2=" " tag="700">
      <subfield code="a">Morrison, Jennifer,</subfield>
      <subfield code="d">1979-</subfield>
    </datafield>
    <datafield ind1="1" ind2=" " tag="700">
      <subfield code="a">Spencer, Jesse,</subfield>
      <subfield code="d">1979-</subfield>
    </datafield>
    <datafield ind1="2" ind2=" " tag="710">
      <subfield code="a">NBC Universal Television.</subfield>
    </datafield>
    <datafield ind1="2" ind2=" " tag="710">
      <subfield code="a">Heel &amp; Toe Films.</subfield>
    </datafield>
    <datafield ind1="2" ind2=" " tag="710">
      <subfield code="a">Shore Z Productions.</subfield>
    </datafield>
    <datafield ind1="2" ind2=" " tag="710">
      <subfield code="a">Bad Hat Harry Productions.</subfield>
    </datafield>
    <datafield ind1="2" ind2=" " tag="710">
      <subfield code="a">Universal Studios Home Entertainment (Firm)</subfield>
    </datafield>
    <datafield ind1="2" ind2=" " tag="710">
      <subfield code="a">Universal Pictures (Firm)</subfield>
    </datafield>
    <datafield ind1="0" ind2=" " tag="730">
      <subfield code="a">House, M. D. (Television program)</subfield>
    </datafield>
    <datafield ind1="1" ind2=" " tag="029">
      <subfield code="a">AU@</subfield>
      <subfield code="b">000043656115</subfield>
    </datafield>
  </record>
</recordData>
</record>