
<record>
<recordSchema>info:srw/schema/1/marcxml</recordSchema>
<recordPacking>xml</recordPacking>
<recordData>
<record xmlns="http://www.loc.gov/MARC21/slim">
    <leader>00000cgm a2200000 a 4500</leader>
    <controlfield tag="001">61135960</controlfield>
    <controlfield tag="007">vd cvaizu</controlfield>
    <controlfield tag="008">050725s2005    nju060            vleng  </controlfield>
    <datafield ind1=" " ind2=" " tag="040">
      <subfield code="a">JVD</subfield>
      <subfield code="c">NLM</subfield>
      <subfield code="d">JVD</subfield>
      <subfield code="d">CGC</subfield>
      <subfield code="d">OCLCG</subfield>
      <subfield code="d">DRB</subfield>
      <subfield code="d">CRU</subfield>
      <subfield code="d">ZCH</subfield>
    </datafield>
    <datafield ind1="7" ind2=" " tag="016">
      <subfield code="a">101255832</subfield>
      <subfield code="2">DNLM</subfield>
    </datafield>
    <datafield ind1="0" ind2=" " tag="029">
      <subfield code="a">NLM</subfield>
      <subfield code="b">101255832</subfield>
    </datafield>
    <datafield ind1="1" ind2=" " tag="029">
      <subfield code="a">AU@</subfield>
      <subfield code="b">000044867343</subfield>
    </datafield>
    <datafield ind1=" " ind2=" " tag="042">
      <subfield code="a">nlmcopyc</subfield>
    </datafield>
    <datafield ind1=" " ind2="4" tag="050">
      <subfield code="a">R725</subfield>
    </datafield>
    <datafield ind1="0" ind2="0" tag="060">
      <subfield code="a">W1</subfield>
      <subfield code="b">NE235T no.851 2004</subfield>
    </datafield>
    <datafield ind1="0" ind2="0" tag="245">
      <subfield code="a">Medical ethics and end-of-life decisions</subfield>
      <subfield code="h">[videorecording].</subfield>
    </datafield>
    <datafield ind1=" " ind2=" " tag="260">
      <subfield code="a">Secaucus, N.J. :</subfield>
      <subfield code="b">Network for Continuing Medical Education,</subfield>
      <subfield code="c">c2005.</subfield>
    </datafield>
    <datafield ind1=" " ind2=" " tag="300">
      <subfield code="a">1 DVD-video (60 min.) :</subfield>
      <subfield code="b">sd., col. ;</subfield>
      <subfield code="c">4 3/4 in.</subfield>
    </datafield>
    <datafield ind1="1" ind2=" " tag="490">
      <subfield code="a">NCME DVD ;</subfield>
      <subfield code="v">no. 851</subfield>
    </datafield>
    <datafield ind1=" " ind2=" " tag="500">
      <subfield code="a">"Released July 7, 2005."</subfield>
    </datafield>
    <datafield ind1=" " ind2=" " tag="500">
      <subfield code="a">Bibliographical data supplied by NCME.</subfield>
    </datafield>
    <datafield ind1=" " ind2=" " tag="500">
      <subfield code="a">ACCME-accredited sponsor: the Network for Continuing Medical Education ; approved for up to 2 credit hours in categor 1 (PRA/AMA) ; for 1 prescribed hour (AAFP) ; AMA category 1 credit accepted (AAPA) ; and up to 2 credit hours in category 2-A (AOA).</subfield>
    </datafield>
    <datafield ind1=" " ind2=" " tag="508">
      <subfield code="a">Edmund D. Pellegrino ; moderated by William E. Matory.</subfield>
    </datafield>
    <datafield ind1=" " ind2=" " tag="520">
      <subfield code="a">Medical ethics encompasses a broad range of difficult clinical issues and decisions. Some of these issues, such as embryonic research, in vitro fertilization, cloning, and gene mapping, deal with the beginning of life. Others, such as those involving informed consent, organ donation, and human experimentation, can occur at any time during life. End-of-life decisions, including withdrawing and withholding treatment, euthanasia, and advance directives, comprise a significant and especially challenging part of medical ethics. In this program, Dr. William Matory interviews Dr. Edmund Pellegrino, a world-renowned spokesman on ethics and the medical profession. Dr Pellegrino addresses end-of-life and other difficult decisions faced by physicians and other healthcare professionals in caring for patients and provides clinically and morally sound advice, based on his belief in the moral nature of medicine and the ethical obligations of physicians.</subfield>
    </datafield>
    <datafield ind1=" " ind2=" " tag="538">
      <subfield code="a">DVD.</subfield>
    </datafield>
    <datafield ind1="1" ind2=" " tag="511">
      <subfield code="a">Moderated by William E. Matory, MD, FACS.</subfield>
    </datafield>
    <datafield ind1="1" ind2="2" tag="650">
      <subfield code="a">Terminal Care</subfield>
      <subfield code="x">ethics.</subfield>
    </datafield>
    <datafield ind1="2" ind2="2" tag="650">
      <subfield code="a">Advance Care Planning.</subfield>
    </datafield>
    <datafield ind1="2" ind2="2" tag="650">
      <subfield code="a">Ethics, Clinical.</subfield>
    </datafield>
    <datafield ind1=" " ind2="0" tag="650">
      <subfield code="a">Terminal Care</subfield>
      <subfield code="z">United States.</subfield>
    </datafield>
    <datafield ind1=" " ind2="0" tag="650">
      <subfield code="a">Advance directives (Medical care)</subfield>
      <subfield code="z">United States.</subfield>
    </datafield>
    <datafield ind1=" " ind2="0" tag="650">
      <subfield code="a">Medical ethics</subfield>
      <subfield code="z">United States.</subfield>
    </datafield>
    <datafield ind1="1" ind2=" " tag="700">
      <subfield code="a">Pellegrino, Edmund D.,</subfield>
      <subfield code="d">1920-</subfield>
    </datafield>
    <datafield ind1="2" ind2=" " tag="710">
      <subfield code="a">Network for Continuing Medical Education.</subfield>
    </datafield>
    <datafield ind1=" " ind2="0" tag="830">
      <subfield code="a">Network for Continuing Medical Education (Series) ;</subfield>
      <subfield code="v">no. 851.</subfield>
    </datafield>
  </record>
</recordData>
</record>