
<record>
<recordSchema>info:srw/schema/1/marcxml</recordSchema>
<recordPacking>xml</recordPacking>
<recordData>
<record xmlns="http://www.loc.gov/MARC21/slim">
    <leader>00000cgm a2200000Ia 4500</leader>
    <controlfield tag="001">72692895</controlfield>
    <controlfield tag="007">vd cvauzu</controlfield>
    <controlfield tag="008">061012s2006    nju054            vleng d</controlfield>
    <datafield ind1=" " ind2=" " tag="040">
      <subfield code="a">FQG</subfield>
      <subfield code="c">FQG</subfield>
      <subfield code="d">TXJ</subfield>
    </datafield>
    <datafield ind1=" " ind2="4" tag="050">
      <subfield code="a">QH442</subfield>
      <subfield code="b">.W496 2006</subfield>
    </datafield>
    <datafield ind1="0" ind2="0" tag="245">
      <subfield code="a">Who's afraid of designer babies?</subfield>
      <subfield code="h">[videorecording] :</subfield>
      <subfield code="b">the ethics of genetic screening.</subfield>
    </datafield>
    <datafield ind1=" " ind2=" " tag="260">
      <subfield code="a">Princeton, NJ :</subfield>
      <subfield code="b">Films for the Humanities &amp; Sciences,</subfield>
      <subfield code="c">c2006.</subfield>
    </datafield>
    <datafield ind1=" " ind2=" " tag="300">
      <subfield code="a">1 videodisc (DVD) (54 min.) :</subfield>
      <subfield code="b">sd., col. ;</subfield>
      <subfield code="c">4 3/4 in.</subfield>
    </datafield>
    <datafield ind1=" " ind2=" " tag="520">
      <subfield code="a">Pre-implantation genetic diagnosis (PGD) allows doctors and parents to screen brand-new embryos for genetic diseases. Interviews with bioethics experts, including Oxford professor Julian Savulescu and Dr. Francis Fukuyama of Johns Hopkins University, elucidate both sides of the debate.</subfield>
    </datafield>
    <datafield ind1=" " ind2=" " tag="500">
      <subfield code="a">"Films Medical Group: Films for the Humanities &amp; Sciences, Cambridge Educational, Meridian Education, Shopware."</subfield>
    </datafield>
    <datafield ind1=" " ind2=" " tag="500">
      <subfield code="a">DVD.</subfield>
    </datafield>
    <datafield ind1=" " ind2="0" tag="650">
      <subfield code="a">Genetic engineering</subfield>
      <subfield code="z">Australia.</subfield>
    </datafield>
    <datafield ind1=" " ind2="0" tag="650">
      <subfield code="a">Genetic engineering</subfield>
      <subfield code="x">Moral and ethical aspects.</subfield>
    </datafield>
    <datafield ind1=" " ind2="0" tag="650">
      <subfield code="a">Fertilization, in vitro, Human</subfield>
      <subfield code="z">New South Wales.</subfield>
    </datafield>
    <datafield ind1=" " ind2="0" tag="650">
      <subfield code="a">Human reproductive technology</subfield>
      <subfield code="z">New South Wales</subfield>
      <subfield code="z">Sydney.</subfield>
    </datafield>
    <datafield ind1=" " ind2="0" tag="650">
      <subfield code="a">Human reproductive technology</subfield>
      <subfield code="x">Moral and ethical aspects.</subfield>
    </datafield>
    <datafield ind1=" " ind2="0" tag="650">
      <subfield code="a">Human genetics</subfield>
      <subfield code="x">Moral and ethical aspects.</subfield>
    </datafield>
    <datafield ind1="2" ind2=" " tag="710">
      <subfield code="a">Films Medical Group.</subfield>
    </datafield>
  </record>
</recordData>
</record>