
<record>
<recordSchema>info:srw/schema/1/marcxml</recordSchema>
<recordPacking>xml</recordPacking>
<recordData>
<record xmlns="http://www.loc.gov/MARC21/slim">
    <leader>00000cgm a2200000Ia 4500</leader>
    <controlfield tag="001">212210226</controlfield>
    <controlfield tag="008">080227s2008    nju050 f          vleng  </controlfield>
    <datafield ind1=" " ind2=" " tag="040">
      <subfield code="a">EMM</subfield>
      <subfield code="c">EMM</subfield>
      <subfield code="d">EMM</subfield>
      <subfield code="d">P4I</subfield>
    </datafield>
    <datafield ind1="1" ind2="4" tag="050">
      <subfield code="a">R845.N11</subfield>
      <subfield code="b">No.867 2008</subfield>
    </datafield>
    <datafield ind1="1" ind2=" " tag="100">
      <subfield code="a">Appelbaum, Paul S.</subfield>
    </datafield>
    <datafield ind1="1" ind2="0" tag="245">
      <subfield code="a">Medical ethics</subfield>
      <subfield code="h">[videorecording] :</subfield>
      <subfield code="b">informed consent to medical treatment /</subfield>
      <subfield code="c">Paul S. Appelbaum.</subfield>
    </datafield>
    <datafield ind1=" " ind2=" " tag="260">
      <subfield code="a">Secaucus, N.J. :</subfield>
      <subfield code="b">Network for Continuing Medical Education,</subfield>
      <subfield code="c">c2008.</subfield>
    </datafield>
    <datafield ind1=" " ind2=" " tag="300">
      <subfield code="a">1 DVD (50 min.) :</subfield>
      <subfield code="b">sd., col. ;</subfield>
      <subfield code="c">1/2 in.</subfield>
    </datafield>
    <datafield ind1="1" ind2=" " tag="490">
      <subfield code="a">NCME ;</subfield>
      <subfield code="v">no. 867</subfield>
    </datafield>
    <datafield ind1=" " ind2=" " tag="500">
      <subfield code="a">Poster and end credits on DVD read: NCME TV; disc continues to read NCME</subfield>
    </datafield>
    <datafield ind1=" " ind2=" " tag="500">
      <subfield code="a">"Available January 29, 2008."</subfield>
    </datafield>
    <datafield ind1=" " ind2=" " tag="500">
      <subfield code="a">ACCME-accredited sponsor:  Network for Continuing Medical Education ; approved for a maximum of 1 AMA PRA Category 1 Credit; for 1 prescribed hour (AAFP) ; AMA category 1 credit accepted (AAPA) ; and for up to 1 credit hours in category 2A (AOA).</subfield>
    </datafield>
    <datafield ind1=" " ind2=" " tag="520">
      <subfield code="a">Informed consent to medical treatment is a unique process of communication between a physician and a patient. Although the physician assumes the role of educator, decision making is shared, and both physician and patient engage in ascertaining and monitoring each other's goals, expectations, and understanding of treatment. The process does not end when the patient undergoes treatment, but extends throughout the treatment relationship.  In this program, Dr. Paul Appelbaum, a leading authority on informed consent, explains the elements of informed consent and information disclosure every physician should know, and presents established models of informed consent that can be readily incorporated into clinical practice.</subfield>
    </datafield>
    <datafield ind1=" " ind2=" " tag="538">
      <subfield code="a">DVD.</subfield>
    </datafield>
    <datafield ind1="1" ind2="2" tag="650">
      <subfield code="a">Informed Consent.</subfield>
    </datafield>
    <datafield ind1="2" ind2="2" tag="650">
      <subfield code="a">Disclosure.</subfield>
    </datafield>
    <datafield ind1=" " ind2="0" tag="650">
      <subfield code="a">Medical ethics.</subfield>
    </datafield>
    <datafield ind1="2" ind2=" " tag="710">
      <subfield code="a">Network for Continuing Medical Education.</subfield>
    </datafield>
    <datafield ind1=" " ind2="0" tag="830">
      <subfield code="a">Network for Continuing Medical Education (Series) ;</subfield>
      <subfield code="v">no. 887.</subfield>
    </datafield>
  </record>
</recordData>
</record>