
<record>
<recordSchema>info:srw/schema/1/marcxml</recordSchema>
<recordPacking>xml</recordPacking>
<recordData>
<record xmlns="http://www.loc.gov/MARC21/slim">
    <leader>00000cgm a2200000Ia 4500</leader>
    <controlfield tag="001">191883745</controlfield>
    <controlfield tag="007">vd cvaizu</controlfield>
    <controlfield tag="008">080208s2007    nju054            vleng d</controlfield>
    <datafield ind1=" " ind2=" " tag="040">
      <subfield code="a">CUY</subfield>
      <subfield code="c">CUY</subfield>
      <subfield code="d">CUY</subfield>
      <subfield code="d">OCLCG</subfield>
      <subfield code="d">OCLCQ</subfield>
      <subfield code="d">SINLB</subfield>
    </datafield>
    <datafield ind1="4" ind2="0" tag="028">
      <subfield code="a">37178-K</subfield>
      <subfield code="b">Films for the Humanities &amp; Sciences</subfield>
    </datafield>
    <datafield ind1=" " ind2=" " tag="043">
      <subfield code="a">n-us---</subfield>
    </datafield>
    <datafield ind1="0" ind2="4" tag="082">
      <subfield code="a">174.2</subfield>
      <subfield code="2">22</subfield>
    </datafield>
    <datafield ind1="0" ind2="0" tag="245">
      <subfield code="a">NewsHour: medical ethics &amp; issues.</subfield>
      <subfield code="n">Part 1</subfield>
      <subfield code="h">[videorecording] /</subfield>
      <subfield code="c">[MacNeil/Lehrer Productions].</subfield>
    </datafield>
    <datafield ind1="3" ind2="0" tag="246">
      <subfield code="a">Medical ethics &amp; issues.</subfield>
      <subfield code="n">Part 1</subfield>
    </datafield>
    <datafield ind1="1" ind2=" " tag="246">
      <subfield code="i">Title on disc label:</subfield>
      <subfield code="a">NewsHour: medical ethics &amp; issues anthology.</subfield>
      <subfield code="n">Disc 1</subfield>
    </datafield>
    <datafield ind1="3" ind2="0" tag="246">
      <subfield code="a">Medical ethics and issues anthology.</subfield>
      <subfield code="n">Disc 1</subfield>
    </datafield>
    <datafield ind1=" " ind2=" " tag="260">
      <subfield code="a">Princeton, NJ :</subfield>
      <subfield code="b">Films for the Humanities &amp; Sciences,</subfield>
      <subfield code="c">c2007.</subfield>
    </datafield>
    <datafield ind1=" " ind2=" " tag="300">
      <subfield code="a">1 videodisc (54 min.) :</subfield>
      <subfield code="b">sd., col. ;</subfield>
      <subfield code="c">4 3/4 in.</subfield>
    </datafield>
    <datafield ind1=" " ind2=" " tag="538">
      <subfield code="a">DVD.</subfield>
    </datafield>
    <datafield ind1="0" ind2=" " tag="505">
      <subfield code="a">Rising healthcare costs -- Uninsured Americans -- Longevity and income -- Plan to insure everyone -- Foreign country doctors -- Medical mistakes.</subfield>
    </datafield>
    <datafield ind1=" " ind2=" " tag="500">
      <subfield code="a">Originally broadcast as segments of: The News Hour with Jim Lehrer.</subfield>
    </datafield>
    <datafield ind1=" " ind2=" " tag="520">
      <subfield code="a">Rising healthcare costs: Susan Dentzer explains a 2007 U.S. healthcare spending report projecting a dramatic rise over the next decade, from $2 trillion to over $4 trillion by 2016.</subfield>
    </datafield>
    <datafield ind1=" " ind2=" " tag="520">
      <subfield code="a">Uninsured Americans: Susan Dentzer analyzes a 2006 U.S. Census Bureau report on the number of uninsured Americans, which has increased by 1.3 million--including 400,000 more children--since 1999.</subfield>
    </datafield>
    <datafield ind1=" " ind2=" " tag="520">
      <subfield code="a">Longevity and income: Highlighting medical research that links certain health risks with low social status, Paul Solman reports on the connection between what we earn and how long we live.</subfield>
    </datafield>
    <datafield ind1=" " ind2=" " tag="520">
      <subfield code="a">A plan to insure everyone: Susan Dentzer clarifies groundbreaking Massachusetts legislation which would allow 99 percent of individuals in the state to obtain health insurance.</subfield>
    </datafield>
    <datafield ind1=" " ind2=" " tag="520">
      <subfield code="a">Foreign country doctors: Fred de Sam Lazaro studies the increase in doctors from overseas working in the U.S. healthcare system--and how American hospitals often can't manage without them.</subfield>
    </datafield>
    <datafield ind1=" " ind2=" " tag="520">
      <subfield code="a">Medical mistakes: Up to 98,000 deaths annually can be attributed to errors in U.S. hospitals. Susan Dentzer interviews Drs. Donald Berwich and Glenn Bingle and reports on the 100,000 Lives campaign which aims to prevent those tragedies.</subfield>
    </datafield>
    <datafield ind1=" " ind2="0" tag="650">
      <subfield code="a">Medical ethics</subfield>
      <subfield code="z">United States.</subfield>
    </datafield>
    <datafield ind1=" " ind2="0" tag="650">
      <subfield code="a">Medical care, Cost of</subfield>
      <subfield code="z">United States.</subfield>
    </datafield>
    <datafield ind1=" " ind2="0" tag="650">
      <subfield code="a">Medically uninsured persons</subfield>
      <subfield code="z">United States.</subfield>
    </datafield>
    <datafield ind1=" " ind2="0" tag="650">
      <subfield code="a">Health insurance</subfield>
      <subfield code="z">United States.</subfield>
    </datafield>
    <datafield ind1=" " ind2="0" tag="650">
      <subfield code="a">Longevity</subfield>
      <subfield code="x">Economic aspects</subfield>
      <subfield code="z">United States.</subfield>
    </datafield>
    <datafield ind1=" " ind2="0" tag="650">
      <subfield code="a">Older people</subfield>
      <subfield code="x">Health and hygiene.</subfield>
    </datafield>
    <datafield ind1=" " ind2="0" tag="650">
      <subfield code="a">Physicians, Foreign</subfield>
      <subfield code="z">United States.</subfield>
    </datafield>
    <datafield ind1=" " ind2="0" tag="650">
      <subfield code="a">Hospitals</subfield>
      <subfield code="z">United States</subfield>
      <subfield code="x">Medical staff.</subfield>
    </datafield>
    <datafield ind1=" " ind2="0" tag="650">
      <subfield code="a">Hospital patients</subfield>
      <subfield code="z">United States</subfield>
      <subfield code="x">Mortality.</subfield>
    </datafield>
    <datafield ind1=" " ind2="0" tag="650">
      <subfield code="a">Medical care</subfield>
      <subfield code="z">United States</subfield>
      <subfield code="x">Evaluation.</subfield>
    </datafield>
    <datafield ind1=" " ind2="0" tag="650">
      <subfield code="a">Medical care</subfield>
      <subfield code="z">United States</subfield>
      <subfield code="x">Quality control.</subfield>
    </datafield>
    <datafield ind1="1" ind2=" " tag="700">
      <subfield code="a">Lehrer, James.</subfield>
    </datafield>
    <datafield ind1="1" ind2=" " tag="700">
      <subfield code="a">Dentzer, Susan.</subfield>
    </datafield>
    <datafield ind1="1" ind2=" " tag="700">
      <subfield code="a">Solman, Paul.</subfield>
    </datafield>
    <datafield ind1="1" ind2=" " tag="700">
      <subfield code="a">Sam Lazaro, Fred de.</subfield>
    </datafield>
    <datafield ind1="1" ind2=" " tag="700">
      <subfield code="a">Berwick, Donald M.</subfield>
      <subfield code="q">(Donald Mark),</subfield>
      <subfield code="d">1946-</subfield>
    </datafield>
    <datafield ind1="1" ind2=" " tag="700">
      <subfield code="a">Bingle, Glenn Jay,</subfield>
      <subfield code="d">1944-</subfield>
    </datafield>
    <datafield ind1="2" ind2=" " tag="710">
      <subfield code="a">MacNeil/Lehrer Productions.</subfield>
    </datafield>
    <datafield ind1="2" ind2=" " tag="710">
      <subfield code="a">Films for the Humanities &amp; Sciences (Firm)</subfield>
    </datafield>
    <datafield ind1="0" ind2=" " tag="730">
      <subfield code="a">News hour with Jim Lehrer (Television program)</subfield>
    </datafield>
    <datafield ind1="0" ind2="2" tag="740">
      <subfield code="a">Rising healthcare costs.</subfield>
    </datafield>
    <datafield ind1="0" ind2="2" tag="740">
      <subfield code="a">Uninsured Americans.</subfield>
    </datafield>
    <datafield ind1="0" ind2="2" tag="740">
      <subfield code="a">Longevity and income.</subfield>
    </datafield>
    <datafield ind1="0" ind2="2" tag="740">
      <subfield code="a">Plan to insure everyone.</subfield>
    </datafield>
    <datafield ind1="0" ind2="2" tag="740">
      <subfield code="a">Foreign country doctors.</subfield>
    </datafield>
    <datafield ind1="0" ind2="2" tag="740">
      <subfield code="a">Medical mistakes.</subfield>
    </datafield>
  </record>
</recordData>
</record>