
<record>
<recordSchema>info:srw/schema/1/marcxml</recordSchema>
<recordPacking>xml</recordPacking>
<recordData>
<record xmlns="http://www.loc.gov/MARC21/slim">
    <leader>00000cgm a2200000Ia 4500</leader>
    <controlfield tag="001">191884004</controlfield>
    <controlfield tag="007">vd cvaizu</controlfield>
    <controlfield tag="008">080208s2007    nju055            vleng d</controlfield>
    <datafield ind1=" " ind2=" " tag="040">
      <subfield code="a">CUY</subfield>
      <subfield code="c">CUY</subfield>
      <subfield code="d">CUY</subfield>
      <subfield code="d">OCLCG</subfield>
      <subfield code="d">SINLB</subfield>
      <subfield code="d">OCLCQ</subfield>
    </datafield>
    <datafield ind1="4" ind2="0" tag="028">
      <subfield code="a">37178-K</subfield>
      <subfield code="b">Films for the Humanities &amp; Sciences</subfield>
    </datafield>
    <datafield ind1=" " ind2=" " tag="043">
      <subfield code="a">n-us---</subfield>
    </datafield>
    <datafield ind1="0" ind2="4" tag="082">
      <subfield code="a">174.2</subfield>
      <subfield code="2">22</subfield>
    </datafield>
    <datafield ind1="0" ind2="0" tag="245">
      <subfield code="a">NewsHour: medical ethics &amp; issues.</subfield>
      <subfield code="n">Part 2</subfield>
      <subfield code="h">[videorecording] /</subfield>
      <subfield code="c">[MacNeil/Lehrer Productions].</subfield>
    </datafield>
    <datafield ind1="3" ind2="0" tag="246">
      <subfield code="a">Medical ethics &amp; issues.</subfield>
      <subfield code="n">Part 2</subfield>
    </datafield>
    <datafield ind1="1" ind2=" " tag="246">
      <subfield code="i">Title on disc label:</subfield>
      <subfield code="a">NewsHour: medical ethics &amp; issues anthology.</subfield>
      <subfield code="n">Disc 2</subfield>
    </datafield>
    <datafield ind1="3" ind2="0" tag="246">
      <subfield code="a">Medical ethics and issues anthology.</subfield>
      <subfield code="n">Disc 2</subfield>
    </datafield>
    <datafield ind1=" " ind2=" " tag="260">
      <subfield code="a">Princeton, NJ :</subfield>
      <subfield code="b">Films for the Humanities &amp; Sciences,</subfield>
      <subfield code="c">c2007.</subfield>
    </datafield>
    <datafield ind1=" " ind2=" " tag="300">
      <subfield code="a">1 videodisc (55 min.) :</subfield>
      <subfield code="b">sd., col. ;</subfield>
      <subfield code="c">4 3/4 in.</subfield>
    </datafield>
    <datafield ind1=" " ind2=" " tag="538">
      <subfield code="a">DVD.</subfield>
    </datafield>
    <datafield ind1=" " ind2=" " tag="500">
      <subfield code="a">Originally broadcast as segments of: The News Hour with Jim Lehrer.</subfield>
    </datafield>
    <datafield ind1="0" ind2=" " tag="505">
      <subfield code="a">Nurses denied training -- Caregivers struggle with Alzheimer's -- Restructuring the ER -- Risk of hospital infections -- Changing face of AIDS -- Conducting drug research in India.</subfield>
    </datafield>
    <datafield ind1=" " ind2=" " tag="520">
      <subfield code="a">Nurses denied training: Why are thousands of would-be nurses denied affordable training at community colleges while America's healthcare providers, facing a shortage, import nurses from abroad? John Merrow investigates.</subfield>
    </datafield>
    <datafield ind1=" " ind2=" " tag="520">
      <subfield code="a">Caregivers struggle with Alzheimer's: Susan Dentzer looks at the growing number of patients stricken with Alzheimer's disease and the emotional, physical, and financial burdens placed on their loved ones.</subfield>
    </datafield>
    <datafield ind1=" " ind2=" " tag="520">
      <subfield code="a">Restructuring the ER: Studies show that more than half the nation's emergency rooms are so overcrowded that they frequently turn patients away. Susan Dentzer sheds light on this critical situation.</subfield>
    </datafield>
    <datafield ind1=" " ind2=" " tag="520">
      <subfield code="a">Risk of hospital infections: Ray Suarez interviews Dr. Richard Shannon of the University of Pennsylvania about an alarming statistic: approximately 100,000 Americans die each year from infections acquired in hospitals.</subfield>
    </datafield>
    <datafield ind1=" " ind2=" " tag="520">
      <subfield code="a">Changing face of AIDS: Joined by activists and health professionals from the U.S. and Africa, Ray Suarez moderates a roundtable on AIDS policy.</subfield>
    </datafield>
    <datafield ind1=" " ind2=" " tag="520">
      <subfield code="a">Conducting drug research in India: Fred de Sam Lazaro visits India, exploring the controversial decision by many pharmaceutical companies to conduct clinical trials there.</subfield>
    </datafield>
    <datafield ind1=" " ind2="0" tag="650">
      <subfield code="a">Medical ethics.</subfield>
    </datafield>
    <datafield ind1=" " ind2="0" tag="650">
      <subfield code="a">Medical ethics</subfield>
      <subfield code="z">United States.</subfield>
    </datafield>
    <datafield ind1=" " ind2="0" tag="650">
      <subfield code="a">Nurses</subfield>
      <subfield code="x">Education</subfield>
      <subfield code="z">United States.</subfield>
    </datafield>
    <datafield ind1=" " ind2="0" tag="650">
      <subfield code="a">Alzheimer's disease</subfield>
      <subfield code="x">Patients</subfield>
      <subfield code="x">Care</subfield>
      <subfield code="z">United States.</subfield>
    </datafield>
    <datafield ind1=" " ind2="0" tag="650">
      <subfield code="a">Alzheimer's disease</subfield>
      <subfield code="x">Patients</subfield>
      <subfield code="x">Family relationships.</subfield>
    </datafield>
    <datafield ind1=" " ind2="0" tag="650">
      <subfield code="a">Emergency medical services</subfield>
      <subfield code="x">Utilization</subfield>
      <subfield code="z">United States.</subfield>
    </datafield>
    <datafield ind1=" " ind2="0" tag="650">
      <subfield code="a">Hospitals</subfield>
      <subfield code="x">Emergency services</subfield>
      <subfield code="x">Utilization</subfield>
      <subfield code="z">United States.</subfield>
    </datafield>
    <datafield ind1=" " ind2="0" tag="650">
      <subfield code="a">Hospital patients</subfield>
      <subfield code="z">United States</subfield>
      <subfield code="x">Mortality.</subfield>
    </datafield>
    <datafield ind1=" " ind2="0" tag="650">
      <subfield code="a">Medical care</subfield>
      <subfield code="z">United States</subfield>
      <subfield code="x">Evaluation.</subfield>
    </datafield>
    <datafield ind1=" " ind2="0" tag="650">
      <subfield code="a">Medical care</subfield>
      <subfield code="z">United States</subfield>
      <subfield code="x">Quality control.</subfield>
    </datafield>
    <datafield ind1=" " ind2="0" tag="650">
      <subfield code="a">AIDS (Disease)</subfield>
      <subfield code="x">Government policy</subfield>
      <subfield code="z">United States.</subfield>
    </datafield>
    <datafield ind1=" " ind2="0" tag="650">
      <subfield code="a">AIDS (Disease)</subfield>
      <subfield code="x">Government policy</subfield>
      <subfield code="z">Africa.</subfield>
    </datafield>
    <datafield ind1=" " ind2="0" tag="650">
      <subfield code="a">AIDS (Disease)</subfield>
      <subfield code="x">Patients</subfield>
      <subfield code="x">Care</subfield>
      <subfield code="z">United States</subfield>
      <subfield code="x">Evaluation.</subfield>
    </datafield>
    <datafield ind1=" " ind2="0" tag="650">
      <subfield code="a">AIDS (Disease)</subfield>
      <subfield code="x">Patients</subfield>
      <subfield code="x">Care</subfield>
      <subfield code="z">Africa</subfield>
      <subfield code="x">Evaluation.</subfield>
    </datafield>
    <datafield ind1=" " ind2="0" tag="650">
      <subfield code="a">Pharmaceutical industry</subfield>
      <subfield code="z">India.</subfield>
    </datafield>
    <datafield ind1=" " ind2="0" tag="650">
      <subfield code="a">Clinical trials</subfield>
      <subfield code="z">India.</subfield>
    </datafield>
    <datafield ind1="1" ind2=" " tag="700">
      <subfield code="a">Lehrer, James.</subfield>
    </datafield>
    <datafield ind1="1" ind2=" " tag="700">
      <subfield code="a">Merrow, John.</subfield>
    </datafield>
    <datafield ind1="1" ind2=" " tag="700">
      <subfield code="a">Dentzer, Susan.</subfield>
    </datafield>
    <datafield ind1="1" ind2=" " tag="700">
      <subfield code="a">Suarez, Ray,</subfield>
      <subfield code="d">1957-</subfield>
    </datafield>
    <datafield ind1="1" ind2=" " tag="700">
      <subfield code="a">Shannon, R.,</subfield>
      <subfield code="c">chemist.</subfield>
    </datafield>
    <datafield ind1="1" ind2=" " tag="700">
      <subfield code="a">Sam Lazaro, Fred de.</subfield>
    </datafield>
    <datafield ind1="2" ind2=" " tag="710">
      <subfield code="a">MacNeil/Lehrer Productions.</subfield>
    </datafield>
    <datafield ind1="2" ind2=" " tag="710">
      <subfield code="a">Films for the Humanities &amp; Sciences (Firm)</subfield>
    </datafield>
    <datafield ind1="0" ind2=" " tag="730">
      <subfield code="a">News hour with Jim Lehrer (Television program)</subfield>
    </datafield>
    <datafield ind1="0" ind2="2" tag="740">
      <subfield code="a">Nurses denied training.</subfield>
    </datafield>
    <datafield ind1="0" ind2="2" tag="740">
      <subfield code="a">Caregivers struggle with Alzheimer's.</subfield>
    </datafield>
    <datafield ind1="0" ind2="2" tag="740">
      <subfield code="a">Restructuring the ER.</subfield>
    </datafield>
    <datafield ind1="0" ind2="2" tag="740">
      <subfield code="a">Restructuring the Emergency Room.</subfield>
    </datafield>
    <datafield ind1="0" ind2="2" tag="740">
      <subfield code="a">Risk of hospital infections.</subfield>
    </datafield>
    <datafield ind1="0" ind2="2" tag="740">
      <subfield code="a">Changing face of AIDS.</subfield>
    </datafield>
    <datafield ind1="0" ind2="2" tag="740">
      <subfield code="a">Conducting drug research in India.</subfield>
    </datafield>
  </record>
</recordData>
</record>