
<record>
<recordSchema>info:srw/schema/1/marcxml</recordSchema>
<recordPacking>xml</recordPacking>
<recordData>
<record xmlns="http://www.loc.gov/MARC21/slim">
    <leader>00000ngm a2200000Ka 4500</leader>
    <controlfield tag="001">182832586</controlfield>
    <controlfield tag="008">071205s2007    ilu259            vleng d</controlfield>
    <datafield ind1=" " ind2=" " tag="040">
      <subfield code="a">MGJ</subfield>
      <subfield code="c">MGJ</subfield>
    </datafield>
    <datafield ind1=" " ind2=" " tag="090">
      <subfield code="a">R724</subfield>
      <subfield code="b">.M43 2007 </subfield>
    </datafield>
    <datafield ind1="0" ind2="0" tag="245">
      <subfield code="a">Medical ethics</subfield>
      <subfield code="h">[videorecording] /</subfield>
      <subfield code="c">presented by St. John's Hospital.</subfield>
    </datafield>
    <datafield ind1=" " ind2=" " tag="260">
      <subfield code="a">Springfield, IL :</subfield>
      <subfield code="b">St. John's Hospital,</subfield>
      <subfield code="c">c2007</subfield>
    </datafield>
    <datafield ind1=" " ind2=" " tag="300">
      <subfield code="a">3 videocdiscs (179 mins.) :</subfield>
      <subfield code="b">sd., col. ;</subfield>
      <subfield code="c">4 3/4 in.</subfield>
    </datafield>
    <datafield ind1=" " ind2=" " tag="508">
      <subfield code="a">Speakers, Rev. John Renken, Brian Andrew.</subfield>
    </datafield>
    <datafield ind1="0" ind2=" " tag="505">
      <subfield code="a">tape 1. Medical ethics: an introduction -- tape 2. Considerations on the development and function of medical ethics committees -- tape 3. Legal aspects of critical life issues.</subfield>
    </datafield>
    <datafield ind1=" " ind2="2" tag="650">
      <subfield code="a">Ethics, Medical.</subfield>
    </datafield>
    <datafield ind1=" " ind2="2" tag="650">
      <subfield code="a">Religion and Medicine.</subfield>
    </datafield>
    <datafield ind1=" " ind2="2" tag="650">
      <subfield code="a">Catholicism.</subfield>
    </datafield>
    <datafield ind1="2" ind2=" " tag="710">
      <subfield code="a">St. John's Hospital (Springfield, Ill.)</subfield>
    </datafield>
    <datafield ind1="0" ind2="1" tag="740">
      <subfield code="a">Medical ethics: an introduction.</subfield>
    </datafield>
    <datafield ind1="0" ind2="1" tag="740">
      <subfield code="a">Considerations on the development and function of medical ethics committees.</subfield>
    </datafield>
    <datafield ind1="0" ind2="1" tag="740">
      <subfield code="a">Legal aspects of critical life issues.</subfield>
    </datafield>
  </record>
</recordData>
</record>
</records>
<nextRecordPosition/>
<resultSetIdleTime/>
<echoedSearchRetrieveRequest xmlns:srw="http://www.loc.gov/zing/srw/">
<version>1.1</version>
<query>srw.no all "61157145" or srw.no all "191883745" or srw.no all "297119969" or srw.no all "191884004" or srw.no all "182832586" or srw.no all "61135960" or srw.no all "72692895" or srw.no all "212210226" or srw.no all "66144533" or srw.no all "76951077"</query>
<maximumRecords>10</maximumRecords>
<recordPacking>xml</recordPacking>
<startRecord>1</startRecord>
<sortKeys>relevance</sortKeys>
<wskey>your-wskey-here</wskey>
<servicelevel>full</servicelevel>
</echoedSearchRetrieveRequest>
</searchRetrieveResponse>
